<?xml version="1.0" encoding="UTF-8"?><collection xmlns="http://www.loc.gov/MARC21/slim"><record><leader>00460nam--2200181-u-4500</leader><controlfield tag="001">000052542</controlfield><controlfield tag="002">20161230</controlfield><controlfield tag="005">20161230201050</controlfield><controlfield tag="008">100906s1000------------r-----000-0-rus-d</controlfield><datafield ind1=" " ind2=" " tag="040"><subfield code="a">IFIN-HH</subfield></datafield><datafield ind1=" " ind2=" " tag="041"><subfield code="a">rus</subfield></datafield><datafield ind1=" " ind2=" " tag="080"><subfield code="a">533</subfield></datafield><datafield ind1="1" ind2=" " tag="100"><subfield code="a">Barantev, R.G</subfield></datafield><datafield ind1="1" ind2="0" tag="245"><subfield code="a">Vzaimodeistvie razrejennih gazov s obtekaemimi poverhnostiami</subfield><subfield code="c">R.g. barantev</subfield></datafield><datafield ind1=" " ind2=" " tag="260"><subfield code="a">Moskva</subfield><subfield code="b">Nauka</subfield><subfield code="c">1975</subfield></datafield><datafield ind1=" " ind2=" " tag="300"><subfield code="a">343p</subfield></datafield><datafield ind1=" " ind2=" " tag="852"><subfield code="a">43255</subfield><subfield code="c">533.6</subfield></datafield><datafield ind1=" " ind2=" " tag="CAT"><subfield code="a">Sys</subfield><subfield code="c">20100906</subfield><subfield code="h">153722</subfield></datafield></record></collection>